@book{GrothendieckDieudonne,
  shorthand={EGAIV4},
  title={Éléments de géométrie algébrique: IV. Étude locale des schémas et des morphismes de schémas, Quatrième Partie},
  author={Grothendieck, Alexandre and Dieudonné, Jean},
  year={1967},
  publisher={Publications Mathématiques de l'IHÉS}
}

@ARTICLE{AnelBiedermanFinsterJoyal,
   author = {{Anel}, M. and {Biedermann}, G. and {Finster}, E. and {Joyal}, A.
	},
    title = "{A Generalized Blakers-Massey Theorem}",
  journal = {ArXiv e-prints},
archivePrefix = "arXiv",
   eprint = {1703.09050},
 primaryClass = "math.AT",
 keywords = {Mathematics - Algebraic Topology, Mathematics - Category Theory, 55P99, 18F99},
     year = 2017,
    month = mar,
   adsurl = {http://adsabs.harvard.edu/abs/2017arXiv170309050A},
  adsnote = {Provided by the SAO/NASA Astrophysics Data System}
}

@Book{UFP,
  author =    {The {Univalent Foundations Program}},
  title =     {Homotopy Type Theory: Univalent Foundations of Mathematics},
  url={http://homotopytypetheory.org/book},
  address =   {Institute for Advanced Study},
  year =      2013
}

@book{EGAIV4,
  shorthand={EGAIV4},
  title={Éléments de géométrie algébrique: IV. Étude locale des schémas et des morphismes de schémas, Quatrième Partie},
  author={Grothendieck, Alexandre and Dieudonné, Jean},
  year={1967},
  publisher={Publications Mathématiques de l'IHÉS}
}

@ARTICLE{ShulmanRealCohesion,
   author = {{Shulman}, Mike},
    title = "{Brouwer's fixed-point theorem in real-cohesive homotopy type theory}",
  journal = {ArXiv e-prints},
archivePrefix = "arXiv",
   eprint = {1509.07584},
 primaryClass = "math.CT",
 keywords = {Mathematics - Category Theory, Mathematics - Algebraic Topology, Mathematics - Logic},
     year = 2015,
    month = sep,
   adsurl = {http://adsabs.harvard.edu/abs/2015arXiv150907584S},
  adsnote = {Provided by the SAO/NASA Astrophysics Data System}
}

@article{Lawvere07,
author = {Lawvere, Francis William},
journal = {Theory and Applications of Categories},
keywords = {qualities; graphs; nature of space; cohesion; continuum physics; infinitesimal},
language = {eng},
pages = {41-49},
publisher = {Mount Allison University, Department of Mathematics and Computer Science, Sackville},
title = {Axiomatic cohesion.},
url = {http://eudml.org/doc/128088},
volume = {19},
year = {2007},
}


@ARTICLE{noohi,
   author = {{Noohi}, B.},
    title = "{Foundations of Topological Stacks I}",
  journal = {ArXiv Mathematics e-prints},
   eprint = {math/0503247},
 keywords = {Algebraic Geometry, Algebraic Topology, 22A22, 14A20, 58A03, 58H05},
     year = 2005,
    month = mar,
   adsurl = {http://adsabs.harvard.edu/abs/2005math......3247N},
  adsnote = {Provided by the SAO/NASA Astrophysics Data System}
}

@ARTICLE{finster-et-al-modalities,
   author = {{Anel}, M. and {Biedermann}, G. and {Finster}, E. and {Joyal}, A.
	},
    title = "{A Generalized Blakers-Massey Theorem}",
  journal = {ArXiv e-prints},
archivePrefix = "arXiv",
   eprint = {1703.09050},
 primaryClass = "math.AT",
 keywords = {Mathematics - Algebraic Topology, Mathematics - Category Theory, 55P99, 18F99},
     year = 2017,
    month = mar,
   adsurl = {http://adsabs.harvard.edu/abs/2017arXiv170309050A},
  adsnote = {Provided by the SAO/NASA Astrophysics Data System}
}

@phdthesis{favonia-thesis,
title = {Higher-Dimensional Types in the Mechanization of Homotopy Theory},
author = {Kuen-Bang {Hou (Favonia)}},
year = {[2017]},
size = {163},
url = {http://www.math.ias.edu/~favonia/files/thesis.pdf}
}

@ARTICLE{ulrik-egbert-floris-groups,
   author = {{Buchholtz}, Ulrik and {van Doorn}, Floris and {Rijke}, Egbert},
    title = "{Higher Groups in Homotopy Type Theory}",
  journal = {ArXiv e-prints},
archivePrefix = "arXiv",
   eprint = {1802.04315},
 primaryClass = "cs.LO",
 keywords = {Computer Science - Logic in Computer Science, Mathematics - Algebraic Topology, Mathematics - Logic, 03B15, F.4.1},
     year = 2018,
    month = feb,
   adsurl = {http://adsabs.harvard.edu/abs/2018arXiv180204315B},
  adsnote = {Provided by the SAO/NASA Astrophysics Data System}
}

@ARTICLE{SchreiberDcct,
   author = {{Schreiber}, Urs},
    title = "{Differential cohomology in a cohesive infinity-topos}",
  journal = {ArXiv e-prints},
archivePrefix = "arXiv",
 keywords = {Mathematical Physics, High Energy Physics - Theory, Mathematics - Algebraic Topology, Mathematics - Differential Geometry},
 url = {https://ncatlab.org/schreiber/show/differential+cohomology+in+a+cohesive+topos}
}
